% Use this file for citations not found in the ACL Anthology (contained in "anthology.bib").
@misc{vaswani2023attentionneed,
      title={Attention Is All You Need}, 
      author={Ashish Vaswani and Noam Shazeer and Niki Parmar and Jakob Uszkoreit and Llion Jones and Aidan N. Gomez and Lukasz Kaiser and Illia Polosukhin},
      year={2023},
      eprint={1706.03762},
      archivePrefix={arXiv},
      primaryClass={cs.CL},
      url={https://arxiv.org/abs/1706.03762}, 
}

@misc{lewis2021retrievalaugmentedgenerationknowledgeintensivenlp,
      title={Retrieval-Augmented Generation for Knowledge-Intensive NLP Tasks}, 
      author={Patrick Lewis and Ethan Perez and Aleksandra Piktus and Fabio Petroni and Vladimir Karpukhin and Naman Goyal and Heinrich Küttler and Mike Lewis and Wen-tau Yih and Tim Rocktäschel and Sebastian Riedel and Douwe Kiela},
      year={2021},
      eprint={2005.11401},
      archivePrefix={arXiv},
      primaryClass={cs.CL},
      url={https://arxiv.org/abs/2005.11401}, 
}

@misc{wang2021tsdaeusingtransformerbasedsequential,
      title={TSDAE: Using Transformer-based Sequential Denoising Auto-Encoder for Unsupervised Sentence Embedding Learning}, 
      author={Kexin Wang and Nils Reimers and Iryna Gurevych},
      year={2021},
      eprint={2104.06979},
      archivePrefix={arXiv},
      primaryClass={cs.CL},
      url={https://arxiv.org/abs/2104.06979}, 
}

@misc{raffel2023exploringlimitstransferlearning,
      title={Exploring the Limits of Transfer Learning with a Unified Text-to-Text Transformer}, 
      author={Colin Raffel and Noam Shazeer and Adam Roberts and Katherine Lee and Sharan Narang and Michael Matena and Yanqi Zhou and Wei Li and Peter J. Liu},
      year={2023},
      eprint={1910.10683},
      archivePrefix={arXiv},
      primaryClass={cs.LG},
      url={https://arxiv.org/abs/1910.10683}, 
}

@misc{kočiský2017narrativeqareadingcomprehensionchallenge,
      title={The NarrativeQA Reading Comprehension Challenge}, 
      author={Tomáš Kočiský and Jonathan Schwarz and Phil Blunsom and Chris Dyer and Karl Moritz Hermann and Gábor Melis and Edward Grefenstette},
      year={2017},
      eprint={1712.07040},
      archivePrefix={arXiv},
      primaryClass={cs.CL},
      url={https://arxiv.org/abs/1712.07040}, 
}

@misc{baumgärtner2025peerqascientificquestionanswering,
      title={PeerQA: A Scientific Question Answering Dataset from Peer Reviews}, 
      author={Tim Baumgärtner and Ted Briscoe and Iryna Gurevych},
      year={2025},
      eprint={2502.13668},
      archivePrefix={arXiv},
      primaryClass={cs.CL},
      url={https://arxiv.org/abs/2502.13668}, 
}

@misc{michelucci2022introductionautoencoders,
      title={An Introduction to Autoencoders}, 
      author={Umberto Michelucci},
      year={2022},
      eprint={2201.03898},
      archivePrefix={arXiv},
      primaryClass={cs.LG},
      url={https://arxiv.org/abs/2201.03898}, 
}

@inproceedings{lin-2004-rouge,
    title = "{ROUGE}: A Package for Automatic Evaluation of Summaries",
    author = "Lin, Chin-Yew",
    booktitle = "Text Summarization Branches Out",
    month = jul,
    year = "2004",
    address = "Barcelona, Spain",
    publisher = "Association for Computational Linguistics",
    url = "https://aclanthology.org/W04-1013/",
    pages = "74--81"
}
@misc{zhang2020bertscoreevaluatingtextgeneration,
      title={BERTScore: Evaluating Text Generation with BERT}, 
      author={Tianyi Zhang and Varsha Kishore and Felix Wu and Kilian Q. Weinberger and Yoav Artzi},
      year={2020},
      eprint={1904.09675},
      archivePrefix={arXiv},
      primaryClass={cs.CL},
      url={https://arxiv.org/abs/1904.09675}, 
}

@misc{rajpurkar2016squad100000questionsmachine,
      title={SQuAD: 100,000+ Questions for Machine Comprehension of Text}, 
      author={Pranav Rajpurkar and Jian Zhang and Konstantin Lopyrev and Percy Liang},
      year={2016},
      eprint={1606.05250},
      archivePrefix={arXiv},
      primaryClass={cs.CL},
      url={https://arxiv.org/abs/1606.05250}, 
}

@inproceedings{papineni-etal-2002-bleu,
    title = "{B}leu: a Method for Automatic Evaluation of Machine Translation",
    author = "Papineni, Kishore  and
      Roukos, Salim  and
      Ward, Todd  and
      Zhu, Wei-Jing",
    editor = "Isabelle, Pierre  and
      Charniak, Eugene  and
      Lin, Dekang",
    booktitle = "Proceedings of the 40th Annual Meeting of the Association for Computational Linguistics",
    month = jul,
    year = "2002",
    address = "Philadelphia, Pennsylvania, USA",
    publisher = "Association for Computational Linguistics",
    url = "https://aclanthology.org/P02-1040/",
    doi = "10.3115/1073083.1073135",
    pages = "311--318"
}

@misc{reimers2019sentencebertsentenceembeddingsusing,
      title={Sentence-BERT: Sentence Embeddings using Siamese BERT-Networks}, 
      author={Nils Reimers and Iryna Gurevych},
      year={2019},
      eprint={1908.10084},
      archivePrefix={arXiv},
      primaryClass={cs.CL},
      url={https://arxiv.org/abs/1908.10084}, 
}